% example .bib file for use with projectpaper.tex

@book{budgen
  ,author = {David Budgen}
  ,title = {Software Design}
  ,edition = "2nd"
  ,year = 2003
  ,publisher = {Addison Wesley}
}

@unpublished{euther
  ,author = {K. Euther}
  ,title = {Title of Paper}
  ,year = 2006
  ,note = {unpublished}
}

@unpublished{futher
  ,author = {R. Futher}
  ,title = {Title of Paper 2}
  ,year = 2006
  ,journal = {J. Name. Stand. Abbrev.}
  ,note = {submitted for publication}
}

@online{WinNT,
  author = {MultiMedia LLC},
  title = {{MS Windows NT} Kernel Description},
  year = 1999,
  url = {http://web.archive.org/web/20080207010024/http://www.808multimedia.com/winnt/kernel.htm},
  urldate = {2010-09-30}
}

%Monte Carlo
@article{hingston2007experiments,
  title={Experiments with Monte Carlo Othello},
  author={Hingston, Philip and Masek, Martin},
  year={2007},
  publisher={IEEE}
}

%Googles AlphaGo
@article{lee2016human,
  title={Human vs. Computer Go: Review and Prospect},
  author={Lee, Chang-Shing and Wang, Mei-Hui and Yen, Shi-Jim and Wei, Ting-Han and Wu, I and Chou, Ping-Chiang and Chou, Chun-Hsun and Wang, Ming-Wan and Yang, Tai-Hsiung and others},
  journal={arXiv preprint arXiv:1606.02032},
  year={2016}
}

%Multi Armed Bandit Problem
@article{auer2002finite,
  title={Finite-time analysis of the multiarmed bandit problem},
  author={Auer, Peter and Cesa-Bianchi, Nicolo and Fischer, Paul},
  journal={Machine learning},
  volume={47},
  number={2-3},
  pages={235--256},
  year={2002},
  publisher={Springer}
}

%Monte Carlo stages and improvement
@phdthesis{archer2007analysis,
  title={Analysis of Monte Carlo Techniques in Othello},
  author={Archer, Ryan},
  year={2007},
  school={BS Thesis, The University of Western Australia}
}

%Generic Monte Carlo Methods
@article{browne2012survey,
  title={A survey of monte carlo tree search methods},
  author={Browne, Cameron B and Powley, Edward and Whitehouse, Daniel and Lucas, Simon M and Cowling, Peter I and Rohlfshagen, Philipp and Tavener, Stephen and Perez, Diego and Samothrakis, Spyridon and Colton, Simon},
  journal={IEEE Transactions on Computational Intelligence and AI in Games},
  volume={4},
  number={1},
  pages={1--43},
  year={2012},
  publisher={IEEE}
}

%log n regret proof
@article{lai1985asymptotically,
  title={Asymptotically efficient adaptive allocation rules},
  author={Lai, Tze Leung and Robbins, Herbert},
  journal={Advances in applied mathematics},
  volume={6},
  number={1},
  pages={4--22},
  year={1985},
  publisher={Elsevier}
}

%Iago Othello
@article{rosenbloom1982world,
  title={A world-championship-level Othello program},
  author={Rosenbloom, Paul S},
  journal={Artificial Intelligence},
  volume={19},
  number={3},
  pages={279--320},
  year={1982},
  publisher={Elsevier}
}

%BILL Othello
@article{lee1990development,
  title={The development of a world class Othello program},
  author={Lee, Kai-Fu and Mahajan, Sanjoy},
  journal={Artificial Intelligence},
  volume={43},
  number={1},
  pages={21--36},
  year={1990},
  publisher={Elsevier}
}

%Genetic algorithm
@article{eskin1999genetic,
  title={Genetic programming applied to Othello: introducing students to machine learning research},
  author={Eskin, Eleazar and Siegel, Eric},
  journal={ACM SIGCSE Bulletin},
  volume={31},
  number={1},
  pages={242--246},
  year={1999},
  publisher={ACM}
}

%Best First Minimax
@article{korf1996best,
  title={Best-first minimax search},
  author={Korf, Richard E and Chickering, David Maxwell},
  journal={Artificial intelligence},
  volume={84},
  number={1},
  pages={299--337},
  year={1996},
  publisher={Elsevier}
}

@inproceedings{frankland2015evolving,
  title={Evolving game playing strategies for othello},
  author={Frankland, Clive and Pillay, Nelishia},
  booktitle={Evolutionary Computation (CEC), 2015 IEEE Congress on},
  pages={1498--1504},
  year={2015},
  organization={IEEE}
}

@article{buro1997evaluation,
  title={An evaluation function for othello based on statistics},
  author={Buro, Michael},
  journal={Technical Report 31, NEC Research Institute},
  year={1997},
  publisher={Citeseer}
}

@article{nijssen2007playing,
  title={Playing Othello Using Monte Carlo},
  author={Nijssen, JPAM},
  journal={Strategies},
  pages={1--9},
  year={2007}
}

@misc{sannidhanam2015analysis,
  title={An Analysis of Heuristics in Othello},
  author={Sannidhanam, Vaishnavi and Annamalai, Muthukaruppan},
  year={2015}
}

@inproceedings{gordon2006trappy,
  title={Trappy minimax-using iterative deepening to identify and set traps in two-player games},
  author={Gordon, V Scott and Reda, Ahmed},
  booktitle={Computational Intelligence and Games, 2006 IEEE Symposium on},
  pages={205--210},
  year={2006},
  organization={IEEE}
}

@inproceedings{zhang2012equal,
  title={Equal-width partitioning roulette wheel selection in genetic algorithm},
  author={Zhang, Liming and Chang, Huiyou and Xu, Ruitian},
  booktitle={Technologies and Applications of Artificial Intelligence (TAAI), 2012 Conference on},
  pages={62--67},
  year={2012},
  organization={IEEE}
}